
@article{Gordon1998,
    title = {Colour blindness},
    journal = {Public Health},
    volume = {112},
    number = {2},
    pages = {81--84},
    year = {1998},
    issn = {0033-3506},
    doi = {https://doi.org/10.1038/sj.ph.1900446},
    author = {N. Gordon}
}